<?xml version="1.0" encoding="UTF-8"?><collection xmlns="http://www.loc.gov/MARC21/slim"><record><leader>00376nam--2200121-i-4500</leader><controlfield tag="001">000012652</controlfield><controlfield tag="002">20161230</controlfield><controlfield tag="005">20161230201029</controlfield><controlfield tag="008">060222s1000------------r-----000-0-eng-d</controlfield><datafield ind1=" " ind2=" " tag="080"><subfield code="a">621.311.2</subfield></datafield><datafield ind1=" " ind2=" " tag="245"><subfield code="a">Aspecte si tendinte economice pe plan mondial in domeniul centralelor electro-energetice. sinteze de date comentate</subfield></datafield><datafield ind1=" " ind2=" " tag="260"><subfield code="a">Bucuresti, I.C.D.T., 1972 98 P</subfield></datafield><datafield ind1=" " ind2=" " tag="852"><subfield code="a">46002</subfield></datafield></record></collection>